@book{cesari2010modelling,
  title={Modelling, Pricing, and Hedging Counterparty Credit Exposure},
  author={Cesari, G. and Aquilina, J. and Charpillon, N.},
  isbn={9783642044847},
  url={https://books.google.co.za/books?id=kb38tDwznN4C},
  year={2010},
  publisher={Springer}
}

@ARTICLE{Longstaff01valuingamerican,
    author = {Francis A. Longstaff and Eduardo S. Schwartz},
    title = {Valuing American options by simulation: A simple least-squares approach},
    journal = {Review of Financial Studies},
    year = {2001},
    pages = {113--147}
}

@ARTICLE{AntonovEtAl2015,
    author = {Alexandre Antonov, Serguei Issakov and Serguei Mechkov},
    title = {Backward induction for future values},
    journal = {Risk},
    year = {2015},
    pages = {92--97}
}

@book{Brigo,
  title={Interest Rate Models - Theory and Practice},
  author={Brigo, D. and Mercurio, F.},
  isbn={9783540417729},
  lccn={01034206},
  series={Springer Finance},
  url={https://books.google.co.za/books?id=nmmAZLwtQywC},
  year={2006},
  publisher={Springer}
}

@book{Shreve,
  title={Stochastic Calculus for Finance II: Continuous-Time Models},
  author={Shreve, S.E.},
  number={v. 11},
  isbn={9780387401010},
  lccn={2003063342},
  series={Springer Finance Textbooks},
  url={https://books.google.co.za/books?id=O8kD1NwQBsQC},
  year={2004},
  publisher={Springer}
}


    
		
